
@article{pritchard2000inference,
  title={Inference of population structure using multilocus genotype data},
  author={Pritchard, Jonathan K and Stephens, Matthew and Donnelly, Peter},
  journal={Genetics},
  volume={155},
  number={2},
  pages={945--959},
  year={2000},
  publisher={Genetics Soc America}
}

@book{cover2012elements,
  title={Elements of information theory},
  author={Cover, Thomas M and Thomas, Joy A},
  year={2012},
  publisher={John Wiley \& Sons}
}
